<?xml version="1.0" encoding="UTF-8"?><collection xmlns="http://www.loc.gov/MARC21/slim"><record><leader>00473nam--2200181-i-4500</leader><controlfield tag="001">000020976</controlfield><controlfield tag="002">20161230</controlfield><controlfield tag="005">20161230201033</controlfield><controlfield tag="008">060222s1000------------r-----000-0-eng-d</controlfield><datafield ind1=" " ind2=" " tag="020"><subfield code="a">0-471-94</subfield></datafield><datafield ind1=" " ind2=" " tag="040"><subfield code="a">IFIN-HH</subfield></datafield><datafield ind1=" " ind2=" " tag="080"><subfield code="a">517.957</subfield></datafield><datafield ind1=" " ind2=" " tag="100"><subfield code="a">Thompson,J.M.T.(ed.)</subfield></datafield><datafield ind1=" " ind2=" " tag="245"><subfield code="a">Nonlinearity and chaos in engineering dynamics</subfield></datafield><datafield ind1=" " ind2=" " tag="260"><subfield code="a">Chichester, John Wiley, 1993. 454 P</subfield></datafield><datafield ind1=" " ind2=" " tag="700"><subfield code="a">Thompson, J.M.T</subfield></datafield><datafield ind1=" " ind2=" " tag="852"><subfield code="a">80278</subfield><subfield code="c">517.9</subfield></datafield><datafield ind1=" " ind2=" " tag="CAT"><subfield code="a">Sys</subfield><subfield code="c">20090609</subfield><subfield code="h">084750</subfield></datafield></record></collection>